<record><leader>00000cas a22000007a 4500</leader><controlfield tag="001">11593096</controlfield><controlfield tag="008">850117d18891892mtuwr ne      0    0eng d</controlfield><datafield ind1=" " ind2=" " tag="010"><subfield code="a">sn 85053008 </subfield></datafield><datafield ind1=" " ind2=" " tag="040"><subfield code="a">MTL</subfield><subfield code="b">eng</subfield><subfield code="c">MTL</subfield><subfield code="d">MTG</subfield><subfield code="d">OCLCQ</subfield><subfield code="d">OCLCO</subfield></datafield><datafield ind1="1" ind2=" " tag="029"><subfield code="a">AU@</subfield><subfield code="b">000025791137</subfield></datafield><datafield ind1=" " ind2=" " tag="042"><subfield code="a">msc</subfield></datafield><datafield ind1=" " ind2=" " tag="043"><subfield code="a">n-us-mt</subfield></datafield><datafield ind1="0" ind2="4" tag="245"><subfield code="a">The Bitter Root bugle.</subfield></datafield><datafield ind1="3" ind2="0" tag="246"><subfield code="a">Bitterroot bugle</subfield></datafield><datafield ind1=" " ind2=" " tag="260"><subfield code="a">Grantsdale, Mont. :</subfield><subfield code="b">J.N. Armstrong</subfield></datafield><datafield ind1=" " ind2=" " tag="300"><subfield code="a">v. :</subfield><subfield code="b">ill.</subfield></datafield><datafield ind1=" " ind2=" " tag="310"><subfield code="a">Weekly</subfield></datafield><datafield ind1="1" ind2=" " tag="362"><subfield code="a">Began with Apr. 12, 1889; ceased with Oct. 15, 1892.</subfield></datafield><datafield ind1=" " ind2=" " tag="500"><subfield code="a">Place of publication varies: Grantsdale, &lt;Apr. 12&gt;, 1889-Sept. 8, 1892; Hamilton, Sept. 17-&lt;Oct. 15,&gt; 1892.</subfield></datafield><datafield ind1=" " ind2=" " tag="588"><subfield code="a">Description based on: Vol. 1, no. 2 (Apr. 19, 1889).</subfield></datafield><datafield ind1=" " ind2="0" tag="651"><subfield code="a">Grantsdale (Mont.)</subfield><subfield code="v">Periodicals.</subfield></datafield><datafield ind1=" " ind2="0" tag="651"><subfield code="a">Hamilton (Ravalli County, Mont.)</subfield><subfield code="v">Periodicals.</subfield></datafield><datafield ind1=" " ind2=" " tag="752"><subfield code="a">United States</subfield><subfield code="b">Montana</subfield><subfield code="c">Ravalli</subfield><subfield code="d">Grantsdale.</subfield></datafield><datafield ind1=" " ind2=" " tag="752"><subfield code="a">United States</subfield><subfield code="b">Montana</subfield><subfield code="c">Ravalli</subfield><subfield code="d">Hamilton.</subfield></datafield><datafield ind1="0" ind2="0" tag="785"><subfield code="t">Bitter Root times</subfield><subfield code="w">(DLC)sn 85053166</subfield></datafield></record>